% (c) 1998 Jose Luis Diaz, 1999-2002 Jose Luis Diaz and Javier Bezos.
% All Rights Reserved.
% Remmebr to call bibtex thesis.gls.aux

@GLOSSDEF{gp,
	word="GP",
	definition={Genetic Programming}
}

@GLOSSDEF{ga,
	word="GA",
	definition={Genetic Algorithm}
}

@GLOSSDEF{ml,
	word="ML",
	definition={Machine Learning}
}

@GLOSSDEF{svm,
	word="SVM",
	definition={Support Vector Machine algorithm}
}

@GLOSSDEF{kNN,
	word="k-NN",
	definition={k-Nearest Neighbours algorithm}
}

@GLOSSDEF{sw,
	word="SW",
	definition={Smith-Waterman score}
}

@GLOSSDEF{openml,
	word="OpenML",
	definition={Open Machine Learning repository}
}

@GLOSSDEF{mas,
	word="MAS",
	definition={Multi-agent system}
}

@GLOSSDEF{nlp,
	word="NLP",
	definition={Natural language processing }
}

@GLOSSDEF{smac,
	word="SMAC",
	definition={Sequential Model-Based Algorithm Configuration}
}

@GLOSSDEF{weka,
	word="WEKA",
	definition={Waikato Environment for Knowledge Analysis}
}

@GLOSSDEF{cbow,
	word="CBOW",
	definition={Continuous Bag-of-Word Model}
}

@GLOSSDEF{glove,
	word="GloVe",
	definition={Global Vectors for Word Representation}
}

@GLOSSDEF{upgma,
	word="UPGMA",
	definition={Unweighted Pair Group Method with Arithmetic Mean }
}

@GLOSSDEF{epa,
	word="EPA",
	definition={Evolutionary Program-induction Algorithms}
}

@GLOSSDEF{agr,
	word="AGR",
	definition={Agent-Group-Role}
}

@GLOSSDEF{owldl,
	word="OWL-DL",
	definition={One of Web Ontology Language}
}

@GLOSSDEF{jade,
	word="JADE",
	definition={Java Agent DEvelopment Framework}
}

@GLOSSDEF{fipa,
	word="FIPA",
	definition={Foundation for Intelligent Physical Agents}
}

@GLOSSDEF{asp,
	word="ASP",
	definition={Asnwer Set Programming}
}

@GLOSSDEF{sat,
	word="SAT",
	definition={Satisiability Problem}
}

@GLOSSDEF{csp,
	word="CSP",
	definition={Constraing Satisfaction Programming}
}

@GLOSSDEF{qbf,
	word="QBF",
	definition={Quantified Boolean Formula }
}



@GLOSSDEF{uci,
	word="UCI",
	definition={Dataset Repository of University of California, Irvine}
}

@GLOSSDEF{nsga,
	word="NSGA-II",
	definition={Non-dominated Sorting Genetic Algorithm II}
}

@GLOSSDEF{rbf,
	word="RBF",
	definition={Radial Basis Function}
}

@GLOSSDEF{pca,
	word="PCA",
	definition={Principal Component Analysis},
	heading = "b"
}

@GLOSSDEF{arff,
	word="ARFF",
	definition={Attribute-Relation File Format},
	heading = "b"
}

@GLOSSDEF{nfl,
	word="NFL",
	definition={No Free Lunch theorem},
	heading = "b"
}

@GLOSSDEF{rmse,
	word="RMSE",
	definition={Root Mean Squared Error},
	heading = "b"
}



